<record><leader>01580cam a2200349 a 4500</leader><controlfield tag="001">1356485</controlfield><controlfield tag="008">910213s1985    enka              0 eng f</controlfield><datafield ind1=" " ind2=" " tag="020"><subfield code="z">0312679386 (St. Martin's Press : pbk.)</subfield></datafield><datafield ind1=" " ind2=" " tag="035"><subfield code="a">ocm13074961</subfield></datafield><datafield ind1=" " ind2=" " tag="040"><subfield code="b">eng</subfield></datafield><datafield ind1=" " ind2=" " tag="049"><subfield code="a">AEU</subfield><subfield code="b">eng</subfield></datafield><datafield ind1=" " ind2="4" tag="050"><subfield code="a">NA680</subfield><subfield code="b">R48 1985</subfield></datafield><datafield ind1="0" ind2=" " tag="090"><subfield code="a">NA 680 R625 1985</subfield></datafield><datafield ind1="0" ind2="0" tag="245"><subfield code="a">Revision of the modern :</subfield><subfield code="b">the Frankfurt Architecture Museum collection /</subfield><subfield code="c">guest-edited by Heinrich Klotz.</subfield></datafield><datafield ind1=" " ind2=" " tag="260"><subfield code="a">London :</subfield><subfield code="b">Architectural Design ;</subfield><subfield code="a">New York :</subfield><subfield code="b">Distributed in the U.S.A. by St. Martin's Press,</subfield><subfield code="c">1985.</subfield></datafield><datafield ind1=" " ind2=" " tag="300"><subfield code="a">87 p. :</subfield><subfield code="b">ill. (some col.) ;</subfield><subfield code="c">28 cm.</subfield></datafield><datafield ind1=" " ind2=" " tag="336"><subfield code="a">text</subfield><subfield code="b">txt</subfield><subfield code="2">rdacontent</subfield></datafield><datafield ind1=" " ind2=" " tag="337"><subfield code="a">unmediated</subfield><subfield code="b">n</subfield><subfield code="2">rdamedia</subfield></datafield><datafield ind1=" " ind2=" " tag="338"><subfield code="a">volume</subfield><subfield code="b">nc</subfield><subfield code="2">rdacarrier</subfield></datafield><datafield ind1="1" ind2=" " tag="490"><subfield code="a">Architectural design profile.</subfield><subfield code="v">58</subfield></datafield><datafield ind1=" " ind2=" " tag="500"><subfield code="a">"Published in association with the German Architecture Museum"--Half title.</subfield></datafield><datafield ind1=" " ind2=" " tag="500"><subfield code="a">"Published as part of Architectural design vol. 55, 3/4-1985"--T.p., Verso.</subfield></datafield><datafield ind1="0" ind2=" " tag="505"><subfield code="a">The founding of the German Architecture Museum / Heinrich Klotz--In the steps of Vasari : Charles Jencks interviews Heinrich Klotz--The collection--The Architecture Museum, Frankfurt, 1979-84.</subfield></datafield><datafield ind1=" " ind2=" " tag="596"><subfield code="a">43</subfield></datafield><datafield ind1="2" ind2="0" tag="610"><subfield code="a">Deutsches Architekturmuseum.</subfield></datafield><datafield ind1=" " ind2="0" tag="650"><subfield code="a">Architecture, Modern</subfield><subfield code="y">20th century.</subfield></datafield><datafield ind1="1" ind2=" " tag="700"><subfield code="a">Klotz, Heinrich.</subfield></datafield><datafield ind1="1" ind2=" " tag="700"><subfield code="a">Jencks, Charles.</subfield></datafield><datafield ind1="2" ind2=" " tag="710"><subfield code="a">Deutsches Architekturmuseum.</subfield></datafield><datafield ind1="0" ind2=" " tag="730"><subfield code="a">Architectural design.</subfield></datafield><datafield ind1=" " ind2="0" tag="830"><subfield code="a">Architectural design profile. ;</subfield><subfield code="v">58.</subfield></datafield><datafield ind1=" " ind2=" " tag="926"><subfield code="a">NA 680 R625 1985</subfield><subfield code="w">LC</subfield><subfield code="c">1</subfield><subfield code="i">0162000681310</subfield><subfield code="d">9/28/1996</subfield><subfield code="l">ON_SHELF</subfield><subfield code="m">UAHSS</subfield><subfield code="n">4</subfield><subfield code="p">$150.00</subfield><subfield code="r">Y</subfield><subfield code="s">Y</subfield><subfield code="t">BOOK</subfield><subfield code="u">2/26/1991</subfield></datafield></record>